@MISC{pkuthss,
  AUTHOR = "CasperVector",
  TITLE = "北京大学论文文档模版~v1.2 beta",
  VERSION = "v1.2 beta",
  YEAR = "2010"
}
@MISC{SCUDissertationFormat,
  AUTHOR = "四川大学研究生院",
  TITLE = "四川大学硕士、博士学位论文格式",
  YEAR = "2009",
  HOWPUBLISHED = {\url{http://gs.scu.edu.cn/DownLoadView.aspx?ID=12}}
}
@MISC{Packages_amsfonts,
  AUTHOR = "Publications Technical Group American Mathematical Society",
  TITLE = "User's Guide to \AmS-Fonts Version 2.2d",
  YEAR = "2002",
  VERSION = "2.2d",
  HOWPUBLISHED = {\url{https://mirrors.tuna.tsinghua.edu.cn/CTAN/fonts/amsfonts/doc/amsfndoc.pdf}}
  }
@MISC{Packages_amsmath,
  AUTHOR = "American Mathematical Society",
  TITLE = "User’s Guide for the amsmath Package",
  YEAR = "1999",
  VERSION = "2.0",
  HOWPUBLISHED = {\url{ftp://ftp.ams.org/pub/tex/doc/amsmath/amsldoc.pdf}}
  }
@MISC{Packages_amssymb,
  AUTHOR = "American Mathematical Society",
  TITLE = "The amssymb package",
  YEAR = "2013",
  VERSION = "3.01",
  HOWPUBLISHED = {\url{ftp://ftp.dante.de/tex-archive/fonts/amsfonts/doc/amssymb.pdf}}
  }
@MISC{Packages_amsthm,
  AUTHOR = "Publications Technical Group American Mathematical Society",
  TITLE = "Using the amsthm Package",
  YEAR = "2015",
  VERSION = "2.20.2",
  HOWPUBLISHED = {\url{ftp://ftp.ams.org/pub/tex/doc/amscls/amsthdoc.pdf}}
  }
@MISC{Packages_anysize,
  AUTHOR = "Dirk Hillbrecht",
  TITLE = "anysize.sty — to set the margin sizes in \LaTeX",
  YEAR = "1994",
  VERSION = "1.0",
  HOWPUBLISHED = {\url{http://texdoc.net/texmf-dist/doc/latex/anysize/anysize.pdf}}
  }
@MISC{Packages_booktabs,
  AUTHOR = "Simon Fear",
  TITLE = "Publication quality tables in \LaTeX",
  YEAR = "2005",
  VERSION = "1.61803",
  HOWPUBLISHED = {\url{http://cs.brown.edu/about/system/managed/latex/doc/booktabs.pdf}}
  }
@MISC{Packages_caption2,
  AUTHOR = "Axel Sommerfeldt",
  TITLE = "Anpassen der Abbildungs- und Tabellenbeschriftungen",
  YEAR = "2011",
  HOWPUBLISHED = {\url{ftp://ftp.dante.de/tex-archive/macros/latex/contrib/caption/caption-deu.pdf}}
  }
@MISC{Packages_CTeX,
  AUTHOR = "ctex.org",
  TITLE = "\CTeX~宏集手册",
  YEAR = "2016",
  VERSION = "2.3",
  HOWPUBLISHED = {\url{http://mirror.unl.edu/ctan/language/chinese/ctex/ctex.pdf}}
  }
@MISC{Packages_enumitem,
  AUTHOR = "Javier Bezos",
  TITLE = "Customizing lists with the enumitem package",
  YEAR = "2011",
  VERSION = "3.5.2",
  HOWPUBLISHED = {\url{http://texdoc.net/texmf-dist/doc/latex/enumitem/enumitem.pdf}}
  }
@MISC{Packages_epstopdf,
  AUTHOR = "Heiko Oberdiek",
  TITLE = "The epstopdf package",
  YEAR = "2010",
  VERSION = "2.5",
  HOWPUBLISHED = {\url{ftp://ftp.ctan.org/tex-archive/macros/latex/contrib/oberdiek/epstopdf.pdf}}
  }
@MISC{Packages_float,
  AUTHOR = "Anselm Lingnau",
  TITLE = "An Improved Environment for Floats",
  YEAR = "2001",
  VERSION = "1.3d",
  HOWPUBLISHED = {\url{http://www.ctex.org/documents/packages/float/float.pdf}}
  }
@MISC{Packages_graphicx,
  AUTHOR = "D. P. Carlisle",
  TITLE = "Packages in the ‘graphics’ bundle",
  YEAR = "2014",
  HOWPUBLISHED = {\url{http://mirrors.ustc.edu.cn/CTAN/macros/latex/required/graphics/grfguide.pdf}}
  }
@MISC{Packages_hyperref,
  AUTHOR = "Sebastian Rahtz; Heiko Oberdiek",
  TITLE = "Hypertext marks in ~\LaTeX~: a manual for hyperref",
  YEAR = "2012",
  HOWPUBLISHED = {\url{ftp://tug.ctan.org/tex-archive/macros/latex/contrib/hyperref/doc/manual.pdf}}
  }
@MISC{Packages_ifthen,
  AUTHOR = "David Carlisle",
  TITLE = "The ifthen package",
  YEAR = "2014",
  VERSION = "1.1c",
  HOWPUBLISHED = {\url{http://texdoc.net/texmf-dist/doc/latex/base/ifthen.pdf}}
  }
@MISC{Packages_mathtools,
  AUTHOR = "Morten Høgholm; Lars Madsen",
  TITLE = "The mathtools package",
  YEAR = "2015",
  VERSION = "1.18",
  HOWPUBLISHED = {\url{http://mirrors.ustc.edu.cn/CTAN/macros/latex/contrib/mathtools/mathtools.pdf}}
  }
@MISC{Packages_natbib,
  AUTHOR = "Patrick W. Daly",
  TITLE = "Natural Sciences Citations and References",
  YEAR = "2010",
  VERSION = "8.31",
  HOWPUBLISHED = {\url{http://www.ctex.org/documents/packages/bibref/natbib.pdf}}
  }
@MISC{Packages_tocbibind,
  AUTHOR = "Peter Wilson; Herries Press",
  TITLE = "The tocbibind package",
  YEAR = "2010",
  VERSION = "1.5k",
  HOWPUBLISHED = {\url{http://mirror.lzu.edu.cn/CTAN/macros/latex/contrib/tocbibind/tocbibind.pdf}}
  }
@MISC{Packages_tocloft,
  AUTHOR = "Peter Wilson; Herries Press",
  TITLE = "The tocloft package",
  YEAR = "2013",
  VERSION = "2.3f",
  HOWPUBLISHED = {\url{http://mirrors.ustc.edu.cn/CTAN/macros/latex/contrib/tocloft/tocloft.pdf}}
  }
@MISC{Packages_cleveref,
  AUTHOR = "Toby Cubitt",
  TITLE = "The cleveref package",
  YEAR = "2013",
  VERSION = "0.19",
  HOWPUBLISHED = {\url{http://tug.ctan.org/macros/latex2e/contrib/cleveref/cleveref.pdf}}
  }
